% Encoding: UTF-8

@InProceedings{Bakar2017KnowledgeRI,
  author    = {Muhamad Shahbani Abu Bakar and Dzulkafli Jalil and Zulkifli Mohamed Udin},
  title     = {Knowledge Repository: Implementing Learning Management System into Corporate Environment},
  year      = {2017},
  pages     = {141,145},
  publisher = {Journal of Telecommunication, Electronic and Computer Engineering},
}

@Article{HaveYouGot,
  author  = {Atkinson P. E. and Howells G. and Reilly M. and Ross C.},
  title   = {Have you got an e-learning strategy yet?},
  journal = {Management Services, Institute of Management Services},
  year    = {2012},
  number  = {56(2)},
  pages   = {43,47},
}

@Article{Pedro,
  author  = {Oliveira, Pedro Oliveira e Costa Gomes de},
  title   = {A knowledge-based framework to facilitate E-training implementation},
  journal = {Faculdade de CiÃªncias e Tecnologia},
  year    = {2014},
}

@Article{Gwebu2007,
  author    = {Kholekile L. Gwebu and Jing Wang},
  title     = {The Role of Organizational, Environmental and Human Factors in E-Learning Diffusion},
  journal   = {International Journal of Web-Based Learning and Teaching Technologies},
  year      = {2007},
  volume    = {2},
  number    = {2},
  pages     = {59--78},
  month     = {apr},
  doi       = {10.4018/jwltt.2007040105},
  publisher = {{IGI} Global},
}

@Article{Burgess2003,
  author    = {Jennifer R.D. Burgess and Joyce E.A. Russell},
  title     = {The effectiveness of distance learning initiatives in organizations},
  journal   = {Journal of Vocational Behavior},
  year      = {2003},
  volume    = {63},
  number    = {2},
  pages     = {289--303},
  month     = {oct},
  doi       = {10.1016/s0001-8791(03)00045-9},
  publisher = {Elsevier {BV}},
}

@Article{Batalla-Busquets2013,
  author    = {Josep-Maria Batalla-Busquets and Carmen Pacheco-Bernal},
  title     = {On-the-job e-learning: Workers{\textquotesingle} attitudes and perceptions},
  journal   = {The International Review of Research in Open and Distributed Learning},
  year      = {2013},
  volume    = {14},
  number    = {1},
  pages     = {40},
  month     = {jan},
  doi       = {10.19173/irrodl.v14i1.1304},
  publisher = {Athabasca University Press},
}

@Book{Facilitating,
  title     = {Facilitating the Development and Use of Interactive Learning Environments},
  publisher = {CRC Press},
  year      = {1998},
  author    = {Charles P. Bloom, R. Bowen Loftin},
}

@InProceedings{Noura,
  author    = {M. Nour and E. Abed and N. Hegazi},
  title     = {A proposed student model algorithm for an intelligent tutoring system},
  booktitle = {{SICE} {\textquotesingle}95. Proceedings of the 34th {SICE} Annual Conference. International Session Papers},
  publisher = {Soc. Instrum. {\&} Control Eng},
  doi       = {10.1109/sice.1995.526704},
}

@article{Encyclopedia,
author = {Tojde,},
year = {2005},
month = {07},
pages = {},
title = {Encyclopedia of Distance Learning},
volume = {6},
journal = {The Turkish Online Journal of Distance Education}
}

@article{CMS,
author = {Ninoriya, Suman and Chawan, Pramila and Meshram, B},
year = {2011},
month = {03},
pages = {},
title = {CMS, LMS and LCMS for eLearning},
volume = {8},
journal = {Int J Comput Sci}
}

@article{Implementing,
author = {Benninck, Rita},
year = {2004},
month = {01},
pages = {},
title = {Implementing elearning from the corporate perspective}
}

@article{Successful,
author = {Chen, Edward},
year = {2008},
month = {01},
pages = {},
title = {Successful E-Learning in Corporations},
volume = {8},
journal = {Communications of the IIMA}
}

@Article{Corporate,
  author  = {Prince F. Ellis and Brown Mackie and Kevin D. Kuznia},
  title   = {Corporate elearning impact on employees},
  journal = {Global journal of business research},
  year    = {2014},
  number  = {8},
  pages   = {1,16},
}

@misc{elearning, title={Discover the best collection of eLearning articles, concepts, software and eLearning resources}, url={https://elearningindustry.com/}, journal={eLearning Industry}, author={eLearning Industry}, year={2019}, month={Dec}}

@Comment{jabref-meta: databaseType:bibtex;}
