% Encoding: UTF-8

@WWW{SublimeText,
  title    = {Sublime Text - A sophisticated text editor for code, markup and prose},
  url      = {https://www.sublimetext.com/},
  language = {english},
  urldate  = {2018-02-13},
}

@Book{SQLite2006a,
  title     = {The Definitive Guide to {SQLite}},
  year      = {2006},
  publisher = {Apress},
  doi       = {10.1007/978-1-4302-0172-4},
}

@Book{Chacon2009,
  author    = {Scott Chacon},
  title     = {Pro Git},
  year      = {2009},
  publisher = {Apress},
  doi       = {10.1007/978-1-4302-1834-0},
}

@WWW{ApacheServer,
  title   = {The Apache HTTP Sever Project},
  url     = {https://httpd.apache.org/},
  urldate = {2018-02-14},
}

@Comment{jabref-meta: databaseType:biblatex;}
