% Encoding: UTF-8

@Book{Kusluy2010,
  author    = {Кислий, В. М. and Біловодська, О. А. and Олефіренко, О. М. and Соляник, О. М.},
  title     = {Логістика: теорія та практика},
  year      = {2010},
  language  = {ukrainian},
  publisher = {Центр учбової літератури},
  pagetotal = {360},
}

@Book{Anikin1999,
  author    = {Аникин, Б. А.},
  title     = {Логистика. Учебное пособие},
  year      = {1999},
  language  = {ukrainian},
  volume    = {327},
  publisher = {ИНФРА-М},
  isbn      = {5-86225-958-9},
}

@Article{Jennings1998,
  author       = {Jennings, N. R.  and Sycara, K. and Wooldridge, M.},
  title        = {A Roadmap of Agent Resarch and Development},
  journaltitle = {Autonomous Agents and Multi-Agent Systems},
  year         = {1998},
  language     = {english},
  pages        = {32},
  url          = {https://www.ri.cmu.edu/pub_files/pub1/jennings_nicholas_1998_1/jennings_nicholas_1998_1.pdf},
  urldate      = {2018-01-02},
}

@Article{Wooldridge1995,
  author    = {Michael Wooldridge and Nicholas R. Jennings},
  title     = {Intelligent agents: theory and practice},
  journal   = {The Knowledge Engineering Review},
  year      = {1995},
  language  = {english},
  volume    = {10},
  number    = {02},
  month     = {jun},
  pages     = {115},
  doi       = {10.1017/s0269888900008122},
  publisher = {Cambridge University Press ({CUP})},
}

@InCollection{Maes1995,
  author       = {Pattie Maes},
  title        = {Agents that Reduce work and information Overload},
  booktitle    = {Readings in Human{\textendash}Computer Interaction},
  year         = {1995},
  language     = {english},
  origlanguage = {english},
  publisher    = {Elsevier},
  pages        = {811--821},
  doi          = {10.1016/b978-0-08-051574-8.50084-4},
}

@Article{Waters1989,
  author    = {Samuel T. Waters},
  title     = {Readings in distributed artificial intelligence},
  journal   = {Information Processing {\&} Management},
  year      = {1989},
  language  = {english},
  volume    = {25},
  number    = {5},
  month     = {jan},
  pages     = {586},
  doi       = {10.1016/0306-4573(89)90030-7},
  publisher = {Elsevier {BV}},
}

@Book{Zhou2010,
  author    = {Zude Zhou and Huaiqing Wang and Ping Lou},
  title     = {Manufacturing Intelligence for Industrial Engineering},
  year      = {2010},
  language  = {english},
  publisher = {{IGI} Global},
  doi       = {10.4018/978-1-60566-864-2},
}

@Article{Kravari2015,
  author    = {Kalliopi Kravari and Nick Bassiliades},
  title     = {A Survey of Agent Platforms},
  journal   = {Journal of Artificial Societies and Social Simulation},
  year      = {2015},
  language  = {english},
  volume    = {18},
  number    = {1},
  doi       = {10.18564/jasss.2661},
  url       = {http://jasss.soc.surrey.ac.uk/18/1/11.html},
  urldate   = {2018-01-05},
  publisher = {Journal of Artificial Societies and Social Simulation},
}

@Article{Bellifemine2003,
  author   = {Fabio Luigi Bellifemine and Giovanni Caire and Agostino Poggi},
  title    = {JADE: A white paper},
  year     = {2003},
  language = {english},
  pages    = {14},
  url      = {http://jade.tilab.com/papers/2003/WhitePaperJADEEXP.pdf},
  urldate  = {2018-01-05},
}

@Book{Bellifemine2007,
  author    = {Fabio Luigi Bellifemine and Giovanni Caire and Dominic Greenwood},
  title     = {Developing Multi-Agent Systems with JADE},
  year      = {2007},
  language  = {english},
  publisher = {Wiley},
  isbn      = {978-0-470-05747-6},
  pagetotal = {303},
  url       = {http://web.info.uvt.ro/~hpopa/IS/Jade/Wiley.Developing.Multi.Agent.Systems.with.JADE.Apr.2007.pdf},
  urldate   = {2018-01-05},
}

@WWW{anylogic,
  title    = {AnyLogic: имитационное моделирование для бизнеса},
  year     = {2018},
  media = {eresource},
  url      = {https://www.anylogic.ru/},
  language = {russian},
  urldate  = {2018-01-06},
}

@Article{Borshchev2002,
  author    = {Andrei Borshchev and Yuri Karpov and Vladimir Kharitonov},
  title     = {Distributed simulation of hybrid systems with {AnyLogic} and {HLA}},
  journal   = {Future Generation Computer Systems},
  year      = {2002},
  language  = {english},
  volume    = {18},
  number    = {6},
  month     = {may},
  pages     = {829--839},
  doi       = {10.1016/s0167-739x(02)00055-9},
  url       = {https://www.anylogic.ru/upload/iblock/30d/30d92c5f5e77e04b1629b291dbc05794.pdf},
  urldate   = {2018-01-06},
  publisher = {Elsevier {BV}},
}

@WWW{agentfactory,
  title    = {The AgentFactory Framework},
  year     = {2016},
  media = {eresource},
  url      = {https://sourceforge.net/projects/agentfactory/},
  language = {english},
}

@Book{Sterligova2008,
  author    = {Стерлигова, А. Н. },
  title     = {Управление запасами в цепях поставок},
  year      = {2008},
  subtitle  = {Учебник},
  language  = {russian},
  publisher = {ИНФРА-М},
  isbn      = {978-5-16-003089-0},
  pagetotal = {430},
  url       = {http://www.1-sys.ru/images/Sterlogova.pdf},
  urldate   = {2018-01-06},
}

@WWW{kotlin,
  title    = {Using Kotlin for Server-side Development},
  url      = {https://kotlinlang.org/docs/reference/server-overview.html},
  media = {eresource},
  subtitle = {Kotlin Programming Language},
  language = {english},
  urldate  = {2018-01-08},
}

@Book{Chacon2009,
  author    = {Scott Chacon},
  title     = {Pro Git},
  year      = {2009},
  publisher = {Apress},
  doi       = {10.1007/978-1-4302-1834-0},
}

@Article{Kalinichenko2013,
  author       = {Каліниченко, А. В.},
  title        = {Порівняння інтегрованих середовищ розробки додатків JAVA із відкритим кодом: ECLIPSE та INTELLIJ IDE},
  journaltitle = {Foss Lviv},
  year         = {2013},
  language     = {ukrainian},
  url          = {http://elartu.tntu.edu.ua/bitstream/123456789/6592/2/FOSSLviv_2013_Kalinichenko_A_V-Comparison_integrated_73-75.pdf},
  urldate      = {2018-01-08},
}

@WWW{fipa,
  title        = {FIPA Agent Management Specification},
  year         = {2001},
  media = {eresource},
  url          = {http://www.fipa.org/specs/fipa00023/XC00023H.html},
  language     = {english},
  organization = {FOUNDATION FOR INTELLIGENT PHYSICAL AGENTS},
  urldate      = {2018-01-08},
}

@Article{Panchal2017,
  author       = {Ronak K. Panchal and Akshay K. Patel},
  title        = {A comparative study: Java Vs kotlin Programming in Android},
  journaltitle = {International Journal of Innovative Trends in Engineering \& Research},
  year         = {2017},
  language     = {english},
  url          = {http://www.ijiter.com/wp-content/uploads/papers/2016/A-comparative-study-Java-Vs-kotlin-Programming-in-Android.pdf},
  urldate      = {2018-01-08},
}

@Book{Kobelev2003,
  author    = {Kobelev, N. B.},
  title     = {Fundamentals of simulation of complex economic systems / Osnovy imitatsionnogo modelirovaniya slozhnykh ekonomicheskikh sistem},
  year      = {2003},
  publisher = {Delo},
  language     = {english},
  isbn      = {5-7749-0309-5},
  url       = {https://www.amazon.com/Fundamentals-simulation-imitatsionnogo-modelirovaniya-ekonomicheskikh/dp/5774903095?SubscriptionId=0JYN1NVW651KCA56C102&tag=techkie-20&linkCode=xm2&camp=2025&creative=165953&creativeASIN=5774903095},
}

@Book{Emelyanov2002,
  author    = {Emelyanov, A. A.},
  title     = {Имитационное моделирование экономических процессов},
  year      = {2002},
  language  = {russian},
  publisher = {Финансы и статистика},
  isbn      = {5-279-02572-0},
  pagetotal = {368},
}

@Article{Shamrin2016,
  author       = {Шамрін, Р. В.},
  title        = {Імітаційне моделювання економічних систем: програмні засоби та напрями ії вдосконалення},
  journaltitle = {Економічна наука},
  language  = {ukrainian},
  year         = {2016},
  url          = {http://www.economy.in.ua/pdf/1_2016/9.pdf},
  urldate      = {2018-01-17},
}

@Article{Stankevich,
  author = {Станкєвіч, А. А.},
  language  = {ukrainian},
  title  = {Моделі і інформаціонна технологія стратегічного управління логістичною системою дистрибуції},
  year   = {2013},
}

@WWW{Npaop2010,
  title        = {НПАОП 0.00-1.28-10. Правила охорони праці під час експлуатації електронно-обчислювальних машин},
  year         = {2010},
  media = {eresource},
  language  = {ukrainian},
  date         = {2018-06-20},
  url          = {http://sop.zp.ua/norm_npaop_0_00-1_28-10_04_ua.php},
  organization = {Міністерстві юстиції України},
}

@Book{Labor30,
  title     = {ДБН.В.2.5 – 28-2006. Природне і штучне освітлення},
  pagetotal = {74},
  language  = {ukrainian},
  publisher = {Мінбуд України},
  year      = {2006},
}

@Book{Pue2011,
  title     = {Правила улаштування електроустановок},
  year      = {2011},
  language  = {ukrainian},
  publisher = {Форт},
  pagetotal = {736},
}

@Book{Arch2007,
  author    = {Ставицький, П. В.},
  title     = {Організація архітектури додатків на базі мобільних платформ},
  year      = {2007},
  language  = {ukrainian},
  publisher = {Вінницький національний технічний університет},
}

@Online{Kotest,
  title   = {Kotest - Powerful, elegant and flexible test framework for Kotlin},
  url     = {https://github.com/kotest/kotest},
  media = {eresource},
  language     = {english},
  urldate = {2020-04-22},
}

@Online{MacBookAirPrice,
  organization = {Apolo},
  language  = {russian},
  media = {eresource},
  title        = {MacBook Air купить по лучшей цене в Украине},
  url          = {https://apolo.com.ua/AppleCo/macbook-air},
  urldate      = {2020-04-20},
}

@Online{MacBookProPrice,
  title        = {MacBook Pro купить по лучшей цене в Украине},
  media = {eresource},
  langid = {russian},
  language  = {russian},
  url          = {https://apolo.com.ua/AppleCo/macbook-pro},
  organization = {Apolo},
  urldate      = {2020-04-20},
}

@Online{SalaryProgrammer,
  title        = {Developer Survey Results 2019},
  url          = {https://insights.stackoverflow.com/survey/2019},
  media = {eresource},
  organization = {Robert Half},
  language     = {english},
  urldate      = {2020-04-20},
}

@Online{SalaryLogisticExpert,
  title        = {Salary Data and Hiring Trends},
  url          = {https://www.roberthalf.com/salary-guide},
  media = {eresource},
  language     = {english},
  organization = {Robert Half},
  urldate      = {2020-04-20},
}

@Online{Dollar,
  organization = {Минфин},
  language  = {russian},
  media = {eresource},
  title        = {Курс доллара США в банках - Харьков},
  url          = {https://minfin.com.ua/currency/banks/kharkov/usd/},
  urldate      = {2020-04-20},
}

@Online{MacOS,
  organization = {Apple},
  title        = {mac OS Catalina},
  media = {eresource},
  language     = {english},
  url          = {https://www.apple.com/ru/macos/catalina/},
  urldate      = {2020-04-20},
}

@Online{GitHubPricing,
  title   = {GitHub pricing for all developers},
  media = {eresource},
  url     = {https://github.com/pricing},
  language     = {english},
  urldate = {2020-04-20},
}

@Online{TriolanPrice,
  title   = {Triolan тарифний план},
  media = {eresource},
  language  = {russian},
  url     = {http://www.triolan.com/articles.aspx?k=connections&lng=uk&reg=kh},
  urldate = {2020-04-20},
}

@Online{JiraPricing,
  organization = {Atlassian},
  title        = {Portfolio for Jira pricing},
  media = {eresource},
  language     = {english},
  url          = {https://www.atlassian.com/software/jira/portfolio/pricing},
  urldate      = {2020-04-20},
}

@Online{IDEA,
  title   = {Купить IntelliJ IDEA Ultimate},
  language  = {russian},
  media = {eresource},
  url     = {https://www.jetbrains.com/ru-ru/idea/buy/#commercial?billing=yearly},
  urldate = {2020-04-22},
}

@Online{Swebok,
  title   = {Основы Программной Инженерии (по SWEBOK)},
  language  = {russian},
  url     = {https://ligurio.github.io/swebok-ru},
  urldate = {2020-04-22},
}

@Article{Glybovets2013,
  author = {Глибовець, А. М.},
  title  = {Агентно-базоване моделювання},
  language  = {ukrainian},
  year   = {2013},
  url    = {http://irbis-nbuv.gov.ua/cgi-bin/irbis_nbuv/cgiirbis_64.exe?C21COM=2&I21DBN=UJRN&P21DBN=UJRN&IMAGE_FILE_DOWNLOAD=1&Image_file_name=PDF/NaUKMAkn_2013_151_16.pdf},
}

@Book{GerhardWeiss1996,
  author    = {Gerhard Weiß and Sandip Sen},
  date      = {1996-02-27},
  title     = {Adaptation and Learning in Multi-Agent Systems},
  isbn      = {3540609237},
  language     = {english},
  pagetotal = {256},
  publisher = {Springer Berlin Heidelberg},
  url       = {https://www.ebook.de/de/product/6943857/gerhard_weiss_sandip_sen_adaptation_and_learning_in_multi_agent_systems.html},
  ean       = {9783540609230},
  year      = {1996},
}

@Book{Wooldridge2009,
  author    = {Wooldridge, Michael},
  date      = {2009-05-15},
  title     = {An Introduction to MultiAgent Systems},
  isbn      = {0470519460},
  pagetotal = {484},
  language     = {english},
  publisher = {John Wiley & Sons Inc},
  url       = {https://www.ebook.de/de/product/7515024/michael_wooldridge_an_introduction_to_multiagent_systems.html},
  ean       = {9780470519462},
  year      = {2009},
}

@Book{Burkov,
  author = {Бурков, Владимир and Novikov, Dmitry},
  title  = {Теория активных систем: состояние и перспективы},
  language  = {russian},
  month  = {01},
  year   = {1999},
}

@Online{Fipa,
  title   = {FIPA Agent Management Specification},
  media = {eresource},
  language     = {english},
  url     = {http://www.fipa.org/specs/fipa00023/SC00023J.html},
  urldate = {2020-04-24},
}

@Article{Годлевський2019,
  author       = {Годлевський, І. М. and Туревич, М. Д. and Медведєв, В. В.},
  date         = {2019},
  language  = {ukrainian},
  location     = {Харків},
  journaltitle = {Вестник ХПІ},
  title        = {Інформаційна технологія формування варіантів конфігурації логістичного каналу дистрибуції},
}

@Book{Labor29,
  title     = {ДБН.В.2.5 – 67:2013. Опалення, вентиляція та кондиціонування},
  pagetotal = {147},
  language  = {ukrainian},
  year      = {2013},
  publisher = {К.: Мінрегіон України},
}

@Book{Labor32,
  year      = {2007},
  language  = {ukrainian},
  title = {НАПБ Б.03.002 – 2007 Норми визначення категорій приміщень, будівель та зовнішніх установок з вибухопожежної небезпеки},
}

@Book{Labor31,
  year      = {2001},
  language  = {ukrainian},
  title     = {ГН 3.3.5-8.6.6.1-2002. Гігієнічна класифікація праці за показниками шкідливості та небезпечності факторів виробничого середовища, важкості та напруженості трудового процесу. Наказ №528 від 27.12.2001.},
  publisher = {Міністерство регіонального розвитку, будівництва та житлово-комунального господарства України},
}

@Book{Civ2,
  author       = {Кулаков, М. А. and Ляпун, В. О. and Мягкий, В. О. and Пугач, В. І.},
  publisher    = {НТУ "ХПІ"},
  language  = {ukrainian},
  title        = {Цивільна оборона: навчальний посібник},
  date         = {2008},
  location     = {Харків},
  organization = {Законодавство України 29.04.20},
  pagetotal    = {363},
}

@Online{Civ1,
  organization = {Законодавство України 29.04.20},
  language  = {ukrainian},
  title        = {Цивільний кодекс України від 02.04.2020 № 5403-VI},
  url          = {https://zakon.rada.gov.ua/laws/show/5403-17},
  urldate      = {2020-04-20},
}

@Book{Civ3,
  author       = {Міхеєв, Ю. В. and Зеркалов, Д. В. and Землянська, О. В. and Праховнік, Н. А.},
  publisher    = {НТУУ «КПІ»},
  title        = {Цивільна захист: навчальний посібник},
  date         = {2013},
  location     = {Київ},
  language  = {ukrainian},
  organization = {Законодавство України 29.04.20},
  pagetotal    = {233},
  url          = {https://ela.kpi.ua/handle/123456789/18966},
  urldate      = {2020-04-29},
}

@Book{Civ4,
  author    = {Стеблюк, М. І.},
  date      = {2013},
  language  = {ukrainian},
  title     = {Цивільна оборона та цивільний захист: підручник},
  edition   = {3},
  isbn      = {978-617-07-0113-8},
  pagetotal = {487},
  publisher = {К. : Знання},
}

@Comment{jabref-meta: databaseType:biblatex;}
