% Encoding: UTF-8

@InProceedings{MeansOfGrads2011a,
  author    = {Fabian Timm, Erhardt Barth},
  title     = {{ACCURATE} {EYE} {CENTRE} {LOCALISATION} {BY} {MEANS} {OF} {GRADIENTS}},
  booktitle = {Proceedings of the International Conference on Computer Vision Theory and Applications},
  year      = {2011},
  publisher = {{SciTePress} - Science and and Technology Publications},
  doi       = {10.5220/0003326101250130},
}

@Book{eyeControllPresentAndFuture,
  title     = {Eye-controlled media: present and future state},
  publisher = {University of Copenhagen DIKU},
  year      = {1995},
  author    = {Glenstrup A. J., Engell-Nielsen T.},
}

@InProceedings{Violaa,
  author    = {P. Viola and M. Jones},
  title     = {Rapid object detection using a boosted cascade of simple features},
  booktitle = {Proceedings of the 2001 {IEEE} Computer Society Conference on Computer Vision and Pattern Recognition. {CVPR} 2001},
  publisher = {{IEEE} Comput. Soc},
  doi       = {10.1109/cvpr.2001.990517},
}

@InProceedings{Violab,
  author    = {P. Viola and M. Jones},
  title     = {Robust real-time face detection},
  booktitle = {Proceedings Eighth {IEEE} International Conference on Computer Vision. {ICCV} 2001},
  publisher = {{IEEE} Comput. Soc},
  doi       = {10.1109/iccv.2001.937709},
}

@Article{Turk1991,
  author    = {Matthew Turk and Alex Pentland},
  title     = {Eigenfaces for Recognition},
  journal   = {Journal of Cognitive Neuroscience},
  year      = {1991},
  volume    = {3},
  number    = {1},
  pages     = {71--86},
  month     = {jan},
  doi       = {10.1162/jocn.1991.3.1.71},
  publisher = {{MIT} Press - Journals},
}

@Article{PerveenN2013,
  author  = {Perveen N.},
  title   = {An overview on template matching methodologies and its applications},
  journal = {International Journal of Research in Computer and Communication Technology},
  year    = {2013},
}

@InCollection{Rawlinson2010,
  author    = {Tim Rawlinson and Abhir Bhalerao and Li Wang},
  title     = {Principles and Methods for Face Recognition and Face Modelling},
  booktitle = {Handbook of Research on Computational Forensics, Digital Crime, and Investigation},
  publisher = {{IGI} Global},
  year      = {2010},
  pages     = {53--78},
  doi       = {10.4018/978-1-60566-836-9.ch003},
}

@InCollection{Edwards1998,
  author    = {G. J. Edwards and T. F. Cootes and C. J. Taylor},
  title     = {Face recognition using active appearance models},
  booktitle = {Lecture Notes in Computer Science},
  publisher = {Springer Berlin Heidelberg},
  year      = {1998},
  pages     = {581--595},
  doi       = {10.1007/bfb0054766},
}

@InCollection{Choa,
  author    = {Woon Cho and Taekyung Kim and Joonki Paik},
  title     = {Gait Recognition Using Active Shape Models},
  booktitle = {Advanced Concepts for Intelligent Vision Systems},
  publisher = {Springer Berlin Heidelberg},
  pages     = {384--394},
  doi       = {10.1007/978-3-540-74607-2_35},
}

@Book{Martin2017,
  title     = {Clean Architecture},
  publisher = {Prentice Hall},
  year      = {2017},
  author    = {Martin, Robert C.},
  isbn      = {0134494164},
  date      = {2017-09-10},
  ean       = {9780134494166},
  pagetotal = {432},
  url       = {https://www.ebook.de/de/product/26274524/robert_c_martin_clean_architecture.html},
}

@PhdThesis{Blink2014,
  author = {Tomasz Jarzynski},
  title  = {Eye Blinking Detection and Analysis},
  school = {Gliwice, Siegen},
  year   = {2014},
}

@Comment{jabref-meta: databaseType:bibtex;}
