% Encoding: UTF-8

@Article{Shamrin2015,
  author  = {Р. В. Шамрін},
  title   = {Імітаційне моделювання економічних систем: програмні засоби та напрями їх вдосконалення},
  journal = {Економічна наука},
  year    = {2015},
  url     = {http://www.economy.in.ua/pdf/1_2016/9.pdf},
}

@Article{Glubovets2013,
  author  = {Глибовець А. М.},
  title   = {Агентно-базоване моделювання},
  journal = {Програмна система дослідження слабоструктурованих задач},
  year    = {2013},
}

@InCollection{Wanga,
  author    = {Zhongxian Wang and Ruiliang Yan and Kimberly Hollister and Ruben Xing},
  title     = {A Relative Comparison of Leading Supply Chain Management Software Packages},
  booktitle = {Strategic Information Systems},
  publisher = {{IGI} Global},
  pages     = {220--235},
  doi       = {10.4018/978-1-60566-677-8.ch018},
}

@Article{Croom2000,
  author    = {Simon Croom and Pietro Romano and Mihalis Giannakis},
  title     = {Supply chain management: an analytical framework for critical literature review},
  journal   = {European Journal of Purchasing {\&} Supply Management},
  year      = {2000},
  volume    = {6},
  number    = {1},
  pages     = {67--83},
  month     = {mar},
  doi       = {10.1016/s0969-7012(99)00030-1},
  publisher = {Elsevier {BV}},
}

@Article{Das2007,
  author    = {Ajay Das and Lee Buddress},
  title     = {Evaluating Prospective e-Providers: An Empirical Study},
  journal   = {The Journal of Supply Chain Management},
  year      = {2007},
  volume    = {43},
  number    = {4},
  pages     = {31--46},
  month     = {nov},
  doi       = {10.1111/j.1745-493x.2007.00039.x},
  publisher = {Wiley},
}

@Article{Hill2007,
  author  = {Hill Jr., S.},
  title   = {The new rules for global supply chain management},
  journal = {Manufacturing Business Technology},
  year    = {2007},
}

@Comment{jabref-meta: databaseType:bibtex;}
