% Encoding: UTF-8

@InProceedings{evolutiontheory,
  author    = {І. О. Огінова and О. Є. Пахомов. },
  title     = {Теорія еволюції},
  year      = {2011},
  publisher = {ДНУ},
}

@Book{neural_networks_and_ga,
  author    = {А. Ю. Кононюк},
  title     = {Нейронні мережі та генетичні алгоритми},
  year      = {2008},
}

@Book{site:matlab_ga_options,
  title     = {Genetic Algorithm Options},
  year      = {2017},
  publisher = {MATLAB \& Simulink},
  url = {https://www.mathworks.com/help/gads/genetic-algorithm-options.html},
}

@Comment{jabref-meta: databaseType:biblatex;}
