% Encoding: UTF-8

@Electronic{cherkass,
  title     = {Управління ДСНС України у Черкаській області - РЕКОМЕНДАЦІЇ ЩОДО ДІЙ НАСЕЛЕННЯ У НАДЗВИЧАЙНИХ СИТУАЦІЯХ},
  url       = {https://ck.dsns.gov.ua/ua/REKOMENDACIYI-SCHODO-DIY-NASELENNYA-U-NADZVICHAYNIH-SITUACIYAH.html},
  timestamp = {2020-01-21},
}

@Electronic{iFrank,
  title     = {Памятка для УНС},
  url       = {http://www.if.gov.ua/files/%D0%9F%D0%B0%D0%BC%D1%8F%D1%82%D0%BA%D0%B0%20%D0%B4%D0%BB%D1%8F%20%D0%A3%D0%9D%D0%A1.pdf},
  timestamp = {2020-01-21},
}

@Comment{jabref-meta: databaseType:bibtex;}
