% Encoding: UTF-8

@Article{LectureKPI,
  author = {Каштанов С.Ф.},
  title  = {Лекціі <<Охорона праці в галузі>> (з матеріалами для СРС) для студентів РТФ},
  year   = {2014},
  url    = {http://opcb.kpi.ua/wp-content/uploads/2014/05/LekcOPG_RTF_6_9.pdf},
}

@Article{LectureOdessa,
  title   = {Міжнародні норми та законодавча база в галузі охорони праці},
  journal = {Одесская национальная академия пищевых технологий},
  year    = {2016},
}

@Article{Khartia96,
  title   = {Європейська соціальна хартія (переглянута) : Міжнародний документ від 03.05.1996 р. № ETS N 163, Хартія},
  journal = {Рада Європи},
  year    = {1996},
  url     = {http://zakon0.rada.gov.ua/laws/show/994_062},
}

@Article{Forster2002,
  author  = {N. Forster.},
  title   = {EC Legislation 2001/2002, 1997/1998},
  journal = {Blackstone’s Presse},
  year    = {2002},
}

@Article{EuCouncil,
  title   = {On the approximation of the laws of the Member States relating to collective redundancies : Council Directive 75/129/EEC of 17 February 1975},
  journal = {European Council},
  year    = {1975},
}

@Article{Shashula2015,
  author  = {О. М. Шашула},
  title   = {Політика європейського союзу у сфері охорони праці},
  journal = {Актуальні проблеми державного управління № 2(48)},
  year    = {2015},
}

@Comment{jabref-meta: databaseType:bibtex;}
